@inproceedings{DBLP:conf/nips/MikolovSCCD13,
  author    = {Tomas Mikolov and
               Ilya Sutskever and
               Kai Chen and
               Gregory S. Corrado and
               Jeffrey Dean},
  title     = {Distributed Representations of Words and Phrases and their Compositionality},
  booktitle = {Advances in Neural Information Processing Systems 26: 27th Annual
               Conference on Neural Information Processing Systems 2013. Proceedings
               of a meeting held December 5-8, 2013, Lake Tahoe, Nevada, United States.},
  pages     = {3111--3119},
  year      = {2013},
  crossref  = {DBLP:conf/nips/2013},
  url       = {http://papers.nips.cc/paper/5021-distributed-representations-of-words-and-phrases-and-their-compositionality},
  timestamp = {Thu, 07 May 2015 20:02:01 +0200},
  biburl    = {https://dblp.org/rec/bib/conf/nips/MikolovSCCD13},
  bibsource = {dblp computer science bibliography, https://dblp.org}
}

@inproceedings{DBLP:conf/emnlp/PenningtonSM14,
  author    = {Jeffrey Pennington and
               Richard Socher and
               Christopher D. Manning},
  title     = {Glove: Global Vectors for Word Representation},
  booktitle = {Proceedings of the 2014 Conference on Empirical Methods in Natural
               Language Processing, {EMNLP} 2014, October 25-29, 2014, Doha, Qatar,
               {A} meeting of SIGDAT, a Special Interest Group of the {ACL}},
  pages     = {1532--1543},
  year      = {2014},
  crossref  = {DBLP:conf/emnlp/2014},
  url       = {http://aclweb.org/anthology/D/D14/D14-1162.pdf},
  timestamp = {Sat, 15 Nov 2014 14:45:18 +0100},
  biburl    = {https://dblp.org/rec/bib/conf/emnlp/PenningtonSM14},
  bibsource = {dblp computer science bibliography, https://dblp.org}
}

@article{DBLP:journals/corr/AroraLLMR15,
  author    = {Sanjeev Arora and
               Yuanzhi Li and
               Yingyu Liang and
               Tengyu Ma and
               Andrej Risteski},
  title     = {Random Walks on Context Spaces: Towards an Explanation of the Mysteries
               of Semantic Word Embeddings},
  journal   = {CoRR},
  volume    = {abs/1502.03520},
  year      = {2015},
  url       = {http://arxiv.org/abs/1502.03520},
  archivePrefix = {arXiv},
  eprint    = {1502.03520},
  timestamp = {Wed, 07 Jun 2017 14:41:44 +0200},
  biburl    = {https://dblp.org/rec/bib/journals/corr/AroraLLMR15},
  bibsource = {dblp computer science bibliography, https://dblp.org}
}

@inproceedings{DBLP:conf/eacl/GraveMJB17,
  author    = {Edouard Grave and
               Tomas Mikolov and
               Armand Joulin and
               Piotr Bojanowski},
  title     = {Bag of Tricks for Efficient Text Classification},
  booktitle = {Proceedings of the 15th Conference of the European Chapter of the
               Association for Computational Linguistics, {EACL} 2017, Valencia,
               Spain, April 3-7, 2017, Volume 2: Short Papers},
  pages     = {427--431},
  year      = {2017},
  crossref  = {DBLP:conf/eacl/2017-2},
  url       = {https://aclanthology.info/papers/E17-2068/e17-2068},
  timestamp = {Wed, 17 Jan 2018 15:46:15 +0100},
  biburl    = {https://dblp.org/rec/bib/conf/eacl/GraveMJB17},
  bibsource = {dblp computer science bibliography, https://dblp.org}
}

@inproceedings{DBLP:conf/aaai/WuFCABW18,
  author    = {Ledell Yu Wu and
               Adam Fisch and
               Sumit Chopra and
               Keith Adams and
               Antoine Bordes and
               Jason Weston},
  title     = {StarSpace: Embed All The Things!},
  booktitle = {Proceedings of the Thirty-Second {AAAI} Conference on Artificial Intelligence,
               New Orleans, Louisiana, USA, February 2-7, 2018},
  year      = {2018},
  crossref  = {DBLP:conf/aaai/2018},
  url       = {https://www.aaai.org/ocs/index.php/AAAI/AAAI18/paper/view/16998},
  timestamp = {Thu, 03 May 2018 17:03:19 +0200},
  biburl    = {https://dblp.org/rec/bib/conf/aaai/WuFCABW18},
  bibsource = {dblp computer science bibliography, https://dblp.org}
}