@article{DBLP:journals/corr/Le-Hong16,
  author    = {Phuong Le{-}Hong},
  title     = {Vietnamese Named Entity Recognition using Token Regular Expressions
               and Bidirectional Inference},
  journal   = {CoRR},
  volume    = {abs/1610.05652},
  year      = {2016},
  url       = {http://arxiv.org/abs/1610.05652},
  archivePrefix = {arXiv},
  eprint    = {1610.05652},
  timestamp = {Wed, 07 Jun 2017 14:42:34 +0200},
  biburl    = {https://dblp.org/rec/bib/journals/corr/Le-Hong16},
  bibsource = {dblp computer science bibliography, https://dblp.org}
}